@article{CR10BMF,
	author = {Christoph Redl},
	title = {Development of a Belief Merging Framewerk for dlvhex},
	year = {2010}
}

@article{CR10DD,
	author = {Christoph Redl},
	title = {Merging of Biomedical Decision Diagrams},
	year = {2010}
}